@article{factorize,
    author    = {Nurzhan Bakibayev and
    Dan Olteanu and
    Jakub Zavodny},
    title     = {{FDB:} {A} Query Engine for Factorised Relational Databases},
    journal   = {{PVLDB}},
    year      = {2012}
}


@inproceedings{Wang-Chiew,
    author = {Chiticariu, Laura and Tan, Wang-Chiew and Vijayvargiya, Gaurav},
    title = {DBNotes: A Post-it System for Relational Databases Based on Provenance},
    booktitle = {SIGMOD},
    year = {2005}
}

@inproceedings{treedistance,
 author = {Emms, Martin},
 title = {Variants of Tree Similarity in a Question Answering Task},
 booktitle = {LD},
 year = {2006}
}


@inproceedings{why,
  author    = {Peter Buneman and
               Sanjeev Khanna and
               Wang Chiew Tan},
  title     = {Why and Where: {A} Characterization of Data Provenance},
  booktitle = {{ICDT}},
  pages     = {316--330},
  year      = {2001}
}


@article{DeutchGM15,
  author    = {Daniel Deutch and
               Amir Gilad and
               Yuval Moskovitch},
  title     = {Selective Provenance for Datalog Programs Using Top-K Queries},
  journal   = {{PVLDB}},
  volume    = {8},
  number    = {12},
  pages     = {1394--1405},
  year      = {2015}
}



@inproceedings{2002DBXplorer,
    title = {DBXplorer: A System for Keyword-Based Search over Relational Databases},
    booktitle = {ICDE},
    year = {2002}
}


@inproceedings{2005Jagadish,
    author = {Li, Yunyao and Yang, Huahai and Jagadish, H. V.},
    title = {NaLIX: An Interactive Natural Language Interface for Querying XML},
    series = {SIGMOD},
    year = {2005}
}


@inproceedings{Kupper1993,
    author = {K\"{u}pper, D. and Storbel, M. and R\"{o}sner, D.},
    title = {NAUDA: A Cooperative Natural Language Interface to Relational Databases},
    series = {SIGMOD},
    year = {1993}
}


@article{androutsopoulos,
    author = {Androutsopoulos,I. and Ritchie,G.D. and Thanisch,P.},
    title = {Natural language interfaces to databases â€“ an introduction},
    journal = {Natural Language Engineering},
    year = {1995}
}


@inproceedings{Jimmy2003,
    author = {Lin, Jimmy and Katz, Boris},
    title = {Question Answering from the Web Using Knowledge Annotation and Knowledge Mining Techniques},
    series = {CIKM},
    year = {2003}
}


@inproceedings{Olteanu2012,
    author = {Olteanu, Dan and Z\'{a}vodn\'{y}, Jakub},
    title = {Factorised Representations of Query Results: Size Bounds and Readability},
    series = {ICDT},
    year = {2012}
}



@inproceedings{Davidson2008,
    author = {Davidson, Susan B. and Freire, Juliana},
    title = {Provenance and Scientific Workflows: Challenges and Opportunities},
    booktitle = {SIGMOD},
    year = {2008}
}


@article{Amsterdamer2011,
    author = {Amsterdamer, Yael and Davidson, Susan B. and Deutch, Daniel and Milo, Tova and Stoyanovich, Julia and Tannen, Val},
    title = {Putting Lipstick on Pig: Enabling Database-style Workflow Provenance},
    journal = {Proc. VLDB Endow.},
    year = {2011}
}


@article{elbassioni2011,
    title={On the readability of monotone boolean formulae},
    author={Elbassioni, Khaled and Makino, Kazuhisa and Rauf, Imran},
    journal={JoCO},
    year={2011}
}


@inproceedings{koutrika2010,
    title={Explaining structured queries in natural language},
    author={Koutrika, Georgia and Simitsis, Alkis and Ioannidis, Yannis E},
    booktitle={ICDE},
    year={2010}
}



@inproceedings{Chapman2008,
    author = {Chapman, Adriane P. and Jagadish, H. V. and Ramanan, Prakash},
    title = {Efficient Provenance Storage},
    booktitle = {SIGMOD},
    year = {2008}
}

@inproceedings{davidson2011,
    title={Enabling Privacy in Provenance-Aware Workflow Systems},
    author={Davidson, Susan B and Khanna, Sanjeev and Roy, Sudeepa and Stoyanovich, Julia and Tannen, Val and Chen, Yi and Milo, Tova},
    booktitle = {CIDR},
    year={2011}
}


@inproceedings{icde15,
    author = {D. Deutch and A. Gilad and Y. Moskovitch},
    title={selP: Selective Tracking and Presentation of
    Data Provenance (Demo)},
    booktitle ={ICDE},
    year={2015}
}


@article{nalir,
  author    = {Fei Li and
               H. V. Jagadish},
  title     = {Constructing an Interactive Natural Language Interface for Relational
               Databases},
  journal   = {{PVLDB}},
  volume    = {8},
  number    = {1},
  pages     = {73--84},
  year      = {2014}
}


@misc{mas,
    author = {MAS},
    howpublished = "\url{http://academic.research.microsoft.com/}"
}



@misc{frames,
    author = {Maluuba Frames},
    howpublished = "\url{https://datasets.maluuba.com/Frames}"
}


@inproceedings{GKT-PODS07,
  author    = {T.J. Green and
               G. Karvounarakis and
               V. Tannen},
  title     = {Provenance semirings},
  booktitle = {PODS},
  year      = {2007}
}

@inproceedings{lrec2006,
    author = {M. Marneffe and B. Maccartney and C. Manning},
    title = {Generating Typed Dependency Parses from Phrase Structure Parses},
    year = {2006},
    booktitle = {LREC}
}



@inproceedings{Olteanu2012,
    author = {Olteanu, Dan and Z\'{a}vodn\'{y}, Jakub},
    title = {Factorised Representations of Query Results: Size Bounds and Readability},
    series = {ICDT},
    year = {2012}
}



@article{Zhang1989,
    author = {Zhang, K. and Shasha, D.},
    title = {Simple Fast Algorithms for the Editing Distance Between Trees and Related Problems},
    journal = {SIAM},
    year = {1989}
}


@inproceedings{klein2003,
	author = {Klein, Dan and Manning, Christopher D.},
	title = {Accurate Unlexicalized Parsing},
	booktitle = {Annual Meeting on Association for Computational Linguistics},
	year = {2003}
}


@article{Buchfuhrer,
	author = {Buchfuhrer, David and Umans, Christopher},
	title = {The Complexity of Boolean Formula Minimization},
	journal = {J. Comput. Syst. Sci.},
	year = {2011}
}


@article{Goldsmith,
	author = {Goldsmith, Judy and Hagen, Matthias and Mundhenk, Martin},
	title = {Complexity of DNF Minimization and Isomorphism Testing for Monotone Formulas},
	journal = {Inf. Comput.},
	year = {2008}
} 

@misc{mas,
	title = {Microsoft Academic Search},
	howpublished = "\url{http://academic.research.microsoft.com}"
}

@inproceedings{Green09,
  author    = {Todd J. Green},
  title     = {Containment of conjunctive queries on annotated relations},
  booktitle = {{ICDT}},
  pages     = {296--309},
  year      = {2009}
}


@article{CheneyProvenance,
	author    = {J. Cheney and
	L. Chiticariu and
	W. C. Tan},
	title     = {Provenance in Databases: Why, How, and Where},
	journal   = {Foundations and Trends in Databases},
	year      = {2009}
}

@incollection{glavic2014big,
	title={Big Data provenance: challenges and implications for benchmarking},
	author={Glavic, Boris},
	booktitle={Specifying Big Data Benchmarks},
	year={2014}
}

@inproceedings{ainy,
	author = {Ainy, Eleanor and Bourhis, Pierre and Davidson, Susan B. and Deutch, Daniel and Milo, Tova},
	title = {Approximated Summarization of Data Provenance},
	booktitle = {CIKM},
	year = {2015}
} 


@inproceedings{YAGO,
	author    = {Fabian M. Suchanek and
	Gjergji Kasneci and
	Gerhard Weikum},
	title     = {Yago: a core of semantic knowledge},
	booktitle = {WWW},
	year      = {2007}
}

@inproceedings{GreenKT07,
  author    = {Todd J. Green and
               Gregory Karvounarakis and
               Val Tannen},
  title     = {Provenance semirings},
  booktitle = {PODS},
  pages     = {31--40},
  year      = {2007}
}

@inproceedings{GKT-pods07,
	author    = {T. J. Green and
	G. Karvounarakis and
	V. Tannen},
	title     = {Provenance semirings},
	booktitle = {PODS},
	year      = {2007}
}


@inproceedings{Hemaspaandra,
	author = {Hemaspaandra, Edith and Schnoor, Henning},
	title = {Minimization for Generalized Boolean Formulas},
	booktitle = {IJCAI},
	year = {2011}
} 


@inproceedings{franconi,
	TITLE = {{Quelo Natural Language Interface: Generating queries and answer descriptions}},
	AUTHOR = {Franconi, Enrico and Gardent, Claire and Juarez-Castro, Ximena I and Perez-Beltrachini, Laura},
	BOOKTITLE = {{NLIWOD}},
	YEAR = {2014}
}


@inproceedings{Damljanovic,
	author = {Damljanovic, Danica and Agatonovic, Milan and Cunningham, Hamish},
	title = {Natural Language Interfaces to Ontologies: Combining Syntactic Analysis and Ontology-based Lookup Through the User Interaction},
	booktitle = {ESWC},
	year = {2010}
} 


@article{Amsterdamer:2015,
	author = {Amsterdamer, Yael and Kukliansky, Anna and Milo, Tova},
	title = {A Natural Language Interface for Querying General and Individual Knowledge},
	journal = {VLDB},
	year = {2015}
} 


@InProceedings{song:15a,
	
	Title = {Natural Language Question Answering and Analytics for Diverse and Interlinked Datasets},	
	Author = {Song, Dezhao and Schilder, Frank and Smiley, Charese},
	Year = {2015},
	Publisher = {NAACL}
}


@inproceedings{SongSSBZBMDDMH15,
	author    = {Dezhao Song and
	Frank Schilder and
	Charese Smiley and
	Chris Brew and
	Tom Zielund and
	Hiroko Bretz and
	Robert Martin and
	Chris Dale and
	John Duprey and
	Tim Miller and
	Johanna Harrison},
	title     = {{TR} Discover: {A} Natural Language Interface for Querying and Analyzing
	Interlinked Datasets},
	booktitle = {ISWC},
	year      = {2015},
}


@inproceedings{Popescu:2003,
	author = {Popescu, Ana-Maria and Etzioni, Oren and Kautz, Henry},
	title = {Towards a Theory of Natural Language Interfaces to Databases},
	booktitle = {IUI},
	year = {2003}
} 

@article{nlprov,
  author    = {Daniel Deutch and
               Nave Frost and
               Amir Gilad},
  title     = {NLProv: Natural Language Provenance},
  journal   = {{PVLDB}},
  volume    = {9},
  number    = {13},
  pages     = {1537--1540},
  year      = {2016},
}

@article{Marcus1993,
	author = {Marcus, Mitchell P. and Marcinkiewicz, Mary Ann and Santorini, Beatrice},
	title = {Building a Large Annotated Corpus of English: The Penn Treebank},
	journal = {Comput. Linguist.},
	year = {1993},
	publisher = {MIT Press}
}	pages = {313--330}, 

@book{Brgisser2010,
	author = {Brgisser, Peter and Clausen, Michael and Shokrollahi, Mohammad A.},
	title = {Algebraic Complexity Theory},
	year = {2010},
	publisher = {Springer Publishing Company, Incorporated},
} 


@article{Re2008,
	author = {R{\'e}, Christopher and Suciu, Dan},
	title = {Approximate Lineage for Probabilistic Databases},
	journal = {Proc. VLDB Endow.},
	year = {2008},
} 	pages = {797--808},


@article{Cohen2008,
	author = {Cohen-Boulakia, Sarah and Biton, Olivier and Cohen, Shirley and Davidson, Susan},
	title = {Addressing the Provenance Challenge Using ZOOM},
	journal = {Concurr. Comput. : Pract. Exper.},
	year = {2008}

} 	pages = {497--506},

@inproceedings{tao2012querying,
	author    = {Zachary G. Ives and
	Andreas Haeberlen and
	Tao Feng and
	Wolfgang Gatterbauer},
	title     = {Querying Provenance for Ranking and Recommending},
	booktitle = {TaPP},
	year      = {2012}
}

@inproceedings{proql,
	author    = {Grigoris Karvounarakis and
	Zachary G. Ives and
	Val Tannen},
	title     = {Querying data provenance},
	booktitle = {SIGMOD},
	
	year      = {2010}
}pages     = {951--962},

@inproceedings{GlavicICDE09,
	author    = {Boris Glavic and
	Gustavo Alonso},
	title     = {Perm: Processing Provenance and Data on the Same Data Model through
	Query Rewriting},
	booktitle = {ICDE},

	year      = {2009}
}	pages     = {174--185},

@incollection{glavic2013using,
	title={Using SQL for Efficient Generation and Querying of Provenance Information},
	author={Glavic, Boris and Miller, Ren{\'e}e J and Alonso, Gustavo},
	booktitle={In Search of Elegance in the Theory and Practice of Computation},

	year={2013},
	publisher={Springer}
}	pages     = {291--320},

@inproceedings{AilamakiIL98,
	author    = {A. Ailamaki and
	Y. E. Ioannidis and
	M. Livny},
	title     = {Scientific Workflow Management by Database Management},
	booktitle = {SSDBM},
	year      = {1998}
}pages     = {190--199},

@article{CohnH09,
	author    = {D. Cohn and
	R. Hull},
	title     = {Business Artifacts: A Data-centric Approach to Modeling
	Business Operations and Processes},
	journal   = {IEEE Data Eng. Bull.},
	year      = {2009}
}pages     = {3--9},

@inproceedings{DavidsonF08,
	author    = {S. B. Davidson and
	J. Freire},
	title     = {Provenance and scientific workflows: challenges and opportunities},
	booktitle = {SIGMOD},	
	year      = {2008}
}pages     = {1345--1350},

@article{chimera,
	author = {Foster, I. and Vockler, J. and Wilde, M. and Zhao, A.},
	title = {Chimera: A virtual data system for representing, querying, and
	automating data derivation},
	journal = {SSDBM},
	year = {2002}
}pages     = {37--46},

@article{Taverna,
	author={D. Hull and others},
	title={Taverna: a tool for building and running workflows of services},
	journal={Nucleic Acids Res.},
	year={2006}
}pages     = {729--732},


@inproceedings{Missier2010,
	title = {Fine-grained and efficient lineage querying of collection-based workflow provenance},
	booktitle = {EDBT},
	author = {Paolo Missier and
	Norman W. Paton and
	Khalid Belhajjame},
	year = {2010}
}pages     = {299--310},


@article{karma,
	author    = {Yogesh L. Simmhan and
	Beth Plale and
	Dennis Gannon},
	title     = {Karma2: Provenance Management for Data-Driven Workflows},
	journal   = {Int. J. Web Service Res.},
	year      = {2008}
}	pages     = {1--22},




@inproceedings{Herschel,
  author    = {Melanie Herschel and
               Marcel Hlawatsch},
  title     = {Provenance: On and Behind the Screens},
  booktitle = {SIGMOD},
  year      = {2016}
}pages     = {2213--2217}


@inproceedings{Xiaocheng,
  author    = {Xiaocheng Huang and
               Zhuowei Bao and
               Susan B. Davidson and
               Tova Milo and
               Xiaojie Yuan},
  title     = {Answering regular path queries on workflow provenance},
  booktitle = {ICDE},
  year      = {2015}
} pages     = {375--386},

@article{Trio,
  author    = {O. Benjelloun and
               A.D. Sarma and
               A.Y. Halevy and
               M. Theobald and
               J. Widom},
  title     = {Databases with uncertainty and lineage},
  journal   = {VLDB J.},
  year      = {2008}
}

@inproceedings{GlavicSAM13,
  author    = {Boris Glavic and
               Javed Siddique and
               Periklis Andritsos and
               Ren{\'{e}}e J. Miller},
  title     = {Provenance for Data Mining},
  booktitle = {Tapp},
  year      = {2013}
}

@inproceedings{KenigGS13,
  author    = {Batya Kenig and
               Avigdor Gal and
               Ofer Strichman},
  title     = {A New Class of Lineage Expressions over Probabilistic Databases Computable
               in P-Time},
  booktitle = {SUM},
  year      = {2013}
}  pages     = {219--232},

@article{GeertsP10,
  author    = {Floris Geerts and
               Antonella Poggi},
  title     = {On database query languages for K-relations},
  journal   = {J. Applied Logic},
  year      = {2010}
} volume    = {8},
  number    = {2},
  pages     = {173--185},


  @article{ProvenanceBuneman,
  author    = {P. Buneman and
               J. Cheney and
               S. Vansummeren},
  title     = {On the expressiveness of implicit provenance in query and
               update languages},
  journal   = {ACM Trans. Database Syst.},
  year      = {2008}
}  volume    = {33},
  number    = {4},

@misc{w3c,
key={w3c},
title={PROV-Overview, W3C Working Group Note},
year={2013},
howpublished ={\url{http://www.w3.org/TR/prov-overview/}}
}


@article{GlavicAMH10,
  author    = {Boris Glavic and
               Gustavo Alonso and
               Ren{\'{e}}e J. Miller and
               Laura M. Haas},
  title     = {{TRAMP:} Understanding the Behavior of Schema Mappings through Provenance},
  journal   = {{PVLDB}},
  year      = {2010}
}  volume    = {3},
  number    = {1},
  pages     = {1314--1325},


@article{Gatt,
  author    = {A. Meliou and
               W. Gatterbauer and
               D. Suciu},
  title     = {Reverse Data Management},
  journal   = {PVLDB},
  year      = {2011}
}  volume    = {4},
  number    = {12},
  pages     = {1490--1493},


@inproceedings{MeliouSS12,
  author    = {A. Meliou and
               Y. Song and
               D. Suciu},
  title     = {Tiresias: a demonstration of how-to queries},
  booktitle = {SIGMOD},
  year      = {2012}
}

@inproceedings{RoyS14,
  author    = {Sudeepa Roy and
               Dan Suciu},
  title     = {A formal approach to finding explanations for database queries},
  booktitle = {{SIGMOD}},
  year      = {2014}
}  pages     = {1579--1590},


@book{DataExchangeBook,
  author    = {M. Arenas and
               P. Barcel{\'o} and
               L. Libkin and
               F. Murlak},
  title     = {Relational and {XML} Data Exchange},
  publisher = {Morgan {\&} Claypool Publishers},
  series    = {Synthesis Lectures on Data Management},
  year      = {2010}
}

@inproceedings{icdt14,
  author    = {Daniel Deutch and
               Tova Milo and
               Sudeepa Roy and
               Val Tannen},
  title     = {Circuits for Datalog Provenance},
  booktitle = {ICDT},
  year      = {2014}
}


@article{valueProv,
  author    = {Tobias M{\"{u}}ller and
               Torsten Grust},
  title     = {Provenance for {SQL} through Abstract Interpretation: Value-less,
               but Worthwhile},
  journal   = {{PVLDB}},
  year      = {2015}
}  volume    = {8},
  number    = {12},
  pages     = {1872--1875},


@inproceedings{DBNotes,
  author    = {Laura Chiticariu and
               Wang Chiew Tan and
               Gaurav Vijayvargiya},
  title     = {DBNotes: a post-it system for relational databases based on provenance},
  booktitle = {SIGMOD},
  year      = {2005}
}pages     = {942--944},


@inproceedings{KohwalterOFCM16,
  author    = {Troy C. Kohwalter and
               Thiago Nazareth de Oliveira and
               Juliana Freire and
               Esteban Clua and
               Leonardo Murta},
  title     = {Prov Viewer: {A} Graph-Based Visualization Tool for Interactive Exploration
               of Provenance Data},
  booktitle = {IPAW},
  year      = {2016}
}pages     = {71--82},


@inproceedings{KoopF14,
  author    = {David Koop and
               Juliana Freire},
  title     = {Reorganizing Workflow Evolution Provenance},
  booktitle = {TaPP},
  year      = {2014}
}

@misc{git,
key={git},
howpublished ={\url{https://github.com/navefr/NL_Provenance/}}
}title={NLProv GIT account},


@article{Navarro2001,
 author = {Navarro, Gonzalo},
 title = {A Guided Tour to Approximate String Matching},
 journal = {ACM Comput. Surv.},
 year = {2001}
}pages = {31--88}, 


@article{DavidsonBELMBAF07,
  author    = {Susan B. Davidson and
               Sarah Cohen Boulakia and
               Anat Eyal and
               Bertram Lud{\"{a}}scher and
               Timothy M. McPhillips and
               Shawn Bowers and
               Manish Kumar Anand and
               Juliana Freire},
  title     = {Provenance in Scientific Workflow Systems},
  journal   = {{IEEE} Data Eng. Bull.},
  year      = {2007}
}pages     = {44--50},


@inproceedings{BaoBDEK09,
  author    = {Zhuowei Bao and
               Sarah Cohen Boulakia and
               Susan B. Davidson and
               Anat Eyal and
               Sanjeev Khanna},
  title     = {Differencing Provenance in Scientific Workflows},
  booktitle = {ICDE},
  year      = {2009}
}pages     = {808--819},

@inproceedings{Cheney2014,
 author = {Cheney, James and Ahmed, Amal and Acar, Umut A.},
 title = {Database Queries That Explain Their Work},
 booktitle = {PPDP},
 year = {2014}
} 


@article{DeutchFG17,
  author    = {Daniel Deutch and
               Nave Frost and
               Amir Gilad},
  title     = {Provenance for Natural Language Queries},
  journal   = {{PVLDB}},
  volume    = {10},
  number    = {5},
  pages     = {577--588},
  year      = {2017}
}


@inproceedings{DeutchG16,
  author    = {Daniel Deutch and
               Amir Gilad},
  title     = {QPlain: Query by explanation (demo)},
  booktitle = {{ICDE}},
  pages     = {1358--1361},
  year      = {2016}
}


@inproceedings{BonifatiCS14,
  author    = {Angela Bonifati and
               Radu Ciucanu and
               Slawek Staworko},
  title     = {Interactive Inference of Join Queries},
  booktitle = {{EDBT}},
  pages     = {451--462},
  year      = {2014},
}

@inproceedings{joinQueries,
  author    = {Meihui Zhang and
               Hazem Elmeleegy and
               Cecilia M. Procopiuc and
               Divesh Srivastava},
  title     = {Reverse engineering complex join queries},
  booktitle = {{SIGMOD}},
  pages     = {809--820},
  year      = {2013}
}


@article{MottinLVP14,
  author    = {Davide Mottin and
               Matteo Lissandrini and
               Yannis Velegrakis and
               Themis Palpanas},
  title     = {Exemplar Queries: Give me an Example of What You Need},
  journal   = {{PVLDB}},
  volume    = {7},
  number    = {5},
  pages     = {365--376},
  year      = {2014}
}


@inproceedings{DeutchIMT13,
  author    = {Daniel Deutch and
               Zachary G. Ives and
               Tova Milo and
               Val Tannen},
  title     = {Caravan: Provisioning for What-If Analysis},
  booktitle = {{CIDR}},
  year      = {2013}
}

@inproceedings{icdt/GeertsKCF13,
  author    = {Floris Geerts and
               Grigoris Karvounarakis and
               Vassilis Christophides and
               Irini Fundulaki},
  title     = {Algebraic structures for capturing the provenance of {SPARQL} queries},
  booktitle = {{ICDT}},
  pages     = {153--164},
  year      = {2013}
}


@inproceedings{vldb/GreenKIT07,
  author    = {Todd J. Green and
               Grigoris Karvounarakis and
               Zachary G. Ives and
               Val Tannen},
  title     = {Update Exchange with Mappings and Provenance},
  booktitle = {VLDB},
  pages     = {675--686},
  year      = {2007}
}


@book{synthesis/2011Suciu,
  author    = {Dan Suciu and
               Dan Olteanu and
               Christopher R{\'{e}} and
               Christoph Koch},
  title     = {Probabilistic Databases},
  series    = {Synthesis Lectures on Data Management},
  publisher = {Morgan {\&} Claypool Publishers},
  year      = {2011}
}


@article{DeutchFG17,
  author    = {Daniel Deutch and
               Nave Frost and
               Amir Gilad},
  title     = {Provenance for Natural Language Queries},
  journal   = {{PVLDB}},
  volume    = {10},
  number    = {5},
  pages     = {577--588},
  year      = {2017}
}


@inproceedings{ChapmanJ09,
  author    = {Adriane Chapman and
               H. V. Jagadish},
  title     = {Why not?},
  booktitle = {{SIGMOD}},
  pages     = {523--534},
  year      = {2009},
}

@inproceedings{cidr/DeutchIMT13,
  author    = {Daniel Deutch and
               Zachary G. Ives and
               Tova Milo and
               Val Tannen},
  title     = {Caravan: Provisioning for What-If Analysis},
  booktitle = {{CIDR}},
  year      = {2013}
}


@inproceedings{ArenasDK16,
  author    = {Marcelo Arenas and
               Gonzalo I. Diaz and
               Egor V. Kostylev},
  title     = {Reverse Engineering {SPARQL} Queries},
  booktitle = {{WWW} 2016},
  pages     = {239--249},
  year      = {2016}
}

@article{DiazAB16,
  author    = {Gonzalo I. Diaz and
               Marcelo Arenas and
               Michael Benedikt},
  title     = {SPARQLByE: Querying {RDF} data by example},
  journal   = {{PVLDB}},
  volume    = {9},
  number    = {13},
  pages     = {1533--1536},
  year      = {2016}
}

@INPROCEEDINGS{exampler,
 author = {Mottin, Davide and Lissandrini, Matteo and Velegrakis, Yannis and Palpanas, Themis},
 title = {Exemplar Queries: Give Me an Example of What You Need},
 booktitle = {VLDB},
 year= {2014}
}

@inproceedings{Psallidas,
  author = {Psallidas, Fotis and Ding, Bolin and Chakrabarti, Kaushik and Chaudhuri, Surajit},
  title = {S4: Top-k Spreadsheet-Style Search for Query Discovery},
  series = {SIGMOD},
  year = {2015},
}

@inproceedings{Shen,
  author = {Shen, Yanyan and Chakrabarti, Kaushik and Chaudhuri, Surajit and Ding, Bolin and Novik, Lev},
  title = {Discovering Queries Based on Example Tuples},
  booktitle = {SIGMOD},
  year={2014}
}

@inproceedings{qbo,
  author = {Tran, Quoc Trung and Chan, Chee-Yong and Parthasarathy, Srinivasan},
  title = {Query by Output},
  booktitle = {SIGMOD},
  year={2009}
}



@misc{NPS,
  title = {NPS Chat Corpus},
  howpublished = "\url{http://faculty.nps.edu/cmartell/NPSChat.htm}"
}


@article{BordesW16,
  author    = {Antoine Bordes and
               Jason Weston},
  title     = {Learning End-to-End Goal-Oriented Dialog},
  journal   = {CoRR},
  year      = {2016}
}

@article{GhazvininejadBC17,
  author    = {Marjan Ghazvininejad and
               Chris Brockett and
               Ming{-}Wei Chang and
               Bill Dolan and
               Jianfeng Gao and
               Wen{-}tau Yih and
               Michel Galley},
  title     = {A Knowledge-Grounded Neural Conversation Model},
  journal   = {CoRR},
  year      = {2017}
}


@inproceedings{BohusR03,
  author    = {Dan Bohus and
               Alexander I. Rudnicky},
  title     = {Ravenclaw: dialog management using hierarchical task decomposition
               and an expectation agenda},
  booktitle = {EUROSPEECH},
  year      = {2003}
}

@article{ShawarA03,
  author    = {Bayan Abu Shawar and
               Eric Atwell},
  title     = {A corpus-based approach to generalising a chatbot system},
  journal   = {Procesamiento del Lenguaje Natural},
  volume    = {31},
  year      = {2003}
}

@inproceedings{TanNDL16,
  author    = {Chenhao Tan and
               Vlad Niculae and
               Cristian Danescu{-}Niculescu{-}Mizil and
               Lillian Lee},
  title     = {Winning Arguments: Interaction Dynamics and Persuasion Strategies
               in Good-faith Online Discussions},
  booktitle = {WWW},
  pages     = {613--624},
  year      = {2016}
}

@article{AyadiKK11,
  author    = {Moataz M. H. El Ayadi and
               Mohamed S. Kamel and
               Fakhri Karray},
  title     = {Survey on speech emotion recognition: Features, classification schemes,
               and databases},
  journal   = {Pattern Recognition},
  volume    = {44},
  number    = {3},
  pages     = {572--587},
  year      = {2011}
}

@article{cs-CL-0006023,
  author    = {Andreas Stolcke and
               Klaus Ries and
               Noah Coccaro and
               Elizabeth Shriberg and
               Rebecca A. Bates and
               Daniel Jurafsky and
               Paul Taylor and
               Rachel Martin and
               Carol Van Ess{-}Dykema and
               Marie Meteer},
  title     = {Dialogue Act Modeling for Automatic Tagging and Recognition of Conversational
               Speech},
  journal   = {CoRR},
  year      = {2000}
}

@article{Geertzen,
  author    = {Jeroen Geertzen},
  title     = {Dialogue act recognition and prediction},
  journal   = {PHD thesis Tilburg University},
  year      = {2009}
}

@inproceedings{DBLP:conf/coling/WermterL96,
  author    = {Stefan Wermter and
               Matthias Lochel},
  title     = {Learning dialog act processing},
  year      = {1996},
  crossref  = {DBLP:conf/coling/1996}
}

@inproceedings{DBLP:conf/icassp/JiB05,
  author    = {Gang Ji and
               Jeff A. Bilmes},
  title     = {Dialog Act Tagging Using Graphical Models},
    crossref  = {DBLP:conf/icassp/2005},
  year      = {2005}

}

@inproceedings{DBLP:conf/acl/Bird06,
  author    = {Steven Bird},
  title     = {{NLTK:} The Natural Language Toolkit},
  booktitle = {ICCL},
  year      = {2006},
}


@misc{chollet2015,
author = {FranÃ§ois Chollet},
title = {keras},
year = {2015},
publisher = {GitHub},
journal = {GitHub repository},
howpublished = {\url{https://github.com/fchollet/keras}},
commit = {5bcac37}
}


@misc{tc,
author = {Richard Liao},
title = {Text Classifier},
year = {2017},
publisher = {GitHub},
journal = {GitHub repository},
howpublished = {\url{https://github.com/richliao/textClassifier}},
commit = {5bcac37}
}


@inproceedings{attention,
  author    = {Zichao Yang and
               Diyi Yang and
               Chris Dyer and
               Xiaodong He and
               Alexander J. Smola and
               Eduard H. Hovy},
  title     = {Hierarchical Attention Networks for Document Classification},
  booktitle = {NAACL},
  year      = {2016}
}


@inproceedings{Slonim:2002:UDC:564376.564401,
 author = {Slonim, Noam and Friedman, Nir and Tishby, Naftali},
 title = {Unsupervised Document Classification Using Sequential Information Maximization},
 booktitle = {ACM SIGIR Conference on Research and Development in Information Retrieval},
 year = {2002}
} 

@article{DBLP:journals/tkde/IsaLKR08,
  author    = {Dino Isa and
               Lam Hong Lee and
               V. P. Kallimani and
               Rajprasad Rajkumar},
  title     = {Text Document Preprocessing with the Bayes Formula for Classification
               Using the Support Vector Machine},
  journal   = {{IEEE} Trans. Knowl. Data Eng.},
  year      = {2008}
}


@article{BahdanauCB14,
  author    = {Dzmitry Bahdanau and
               Kyunghyun Cho and
               Yoshua Bengio},
  title     = {Neural Machine Translation by Jointly Learning to Align and Translate},
  journal   = {CoRR},
  year      = {2014}
}


@inproceedings{glove,
  author    = {Jeffrey Pennington and
               Richard Socher and
               Christopher D. Manning},
  title     = {Glove: Global Vectors for Word Representation},
  booktitle = {EMNLP},
  year      = {2014}
 }


 @article{ShawarA03,
  author    = {Bayan Abu Shawar and
               Eric Atwell},
  title     = {A corpus-based approach to generalising a chatbot system},
  journal   = {Procesamiento del Lenguaje Natural},
  year      = {2003},
}


@article{Jia09,
  author    = {Jiyou Jia},
  title     = {{CSIEC:} {A} computer assisted English learning chatbot based on textual
               knowledge and reasoning},
  journal   = {Knowl.-Based Syst.},
  year      = {2009}
}

@inproceedings{ShawarA08,
  author    = {Bayan Abu Shawar and
               Eric Atwell},
  title     = {An AI-inspired intelligent agent/student architecture to combine Language
               Resources research and teaching},
  booktitle = {LREC},
  year      = {2008}
}


@inproceedings{AngLS05,
  author    = {Jeremy Ang and
               Yang Liu and
               Elizabeth Shriberg},
  title     = {Automatic Dialog Act Segmentation and Classification in Multiparty
               Meetings},
  booktitle = {ICASSP},
  year      = {2005}
}

@inproceedings{SurendranL06,
  author    = {Dinoj Surendran and
               Gina{-}Anne Levow},
  title     = {Dialog act tagging with support vector machines and hidden Markov
               models},
  booktitle = {ICSLP},
  year      = {2006}
}

@inproceedings{ZhangZL15,
  author    = {Xiang Zhang and
               Junbo Jake Zhao and
               Yann LeCun},
  title     = {Character-level Convolutional Networks for Text Classification},
  booktitle = {NIPS},
  year      = {2015}
}